@inbook{chen2014human,
  author = {Chen, Fai and Appendino, Silvia and Battezzato, Alessandro and Favetto, Alain and Mousavi, Mehdi and Pescarmona, Francesco},
  year = {2014},
  month = {01},
  pages = {115-122},
  title = {Human Finger Kinematics and Dynamics},
  isbn = {9400774842},
  doi = {10.1007/978-94-007-7485-8_15},
  publisher = {Springer Netherlands}
}

@article{CheckValidAngles_lee2014flexion,
  author = {Kyung-Sun Lee and Myung-Chul Jung},
  year = {2014},
  title = {Flexion and Extension Angles of Resting Fingers and Wrist},
  journal = {International Journal of Occupational Safety and Ergonomics},
  volume = {20},
  number = {1},
  pages = {91-101},
  doi = {10.1080/10803548.2014.11077038}
}

@inproceedings{CheckValidAngles_cobos2008efficient,
  author = {Cobos, Salvador and Ferre, Manuel and Sanchez Uran, M.A. and Ortego, Javier and Pena, Cesar},
  booktitle = {2008 IEEE/RSJ International Conference on Intelligent Robots and Systems},
  title = {Efficient human hand kinematics for manipulation tasks},
  year = {2008},
  pages = {2246-2251},
  keywords = {Joints;Fingers;Thumb;Kinematics;Mathematical model;Electronics packaging;Humans},
  doi = {10.1109/IROS.2008.4651053}
}

@book{craig2009introduction,
  title={Introduction To Robotics: Mechanics And Control, 3rd Edition},
  author={Craig, J.J.},
  isbn={9780201543612},
  year={2004},
  publisher={Pearson Education}
}

@article{chavdarov2022algorithm,
  author = {Chavdarov, Ivan and Naydenov, Bozhidar},
  title = {Algorithm for Determining the Types of Inverse Kinematics Solutions for Sequential Planar Robots and Their Representation in the Configuration Space},
  journal = {Algorithms},
  volume = {15},
  year = {2022},
  number = {12},
  article-number = {469},
  url = {https://www.mdpi.com/1999-4893/15/12/469},
  issn = {1999-4893},
  doi = {10.3390/a15120469}
}

@article{CheckValidAngles_ngeo2014continuous,
  author = {Ngeo, Jimson and Tamei, Tomoya and Shibata, Tomohiro},
  year = {2014},
  month = {08},
  pages = {122},
  title = {Continuous and simultaneous estimation of finger kinematics using inputs from an EMG-to-muscle activation model},
  volume = {11},
  journal = {Journal of Neuroengineering and Rehabilitation},
  doi = {10.1186/1743-0003-11-122}
}

@inproceedings{borghesan2010design,
  author = {Borghesan, G. and Palli, G. and Melchiorri, C.},
  booktitle = {2010 IEEE International Conference on Robotics and Automation},
  title = {Design of tendon-driven robotic fingers: Modeling and control issues},
  year = {2010},
  pages = {793-798},
  keywords = {Robots;Fingers;Biological system modeling;Robotic assembly;Plastics;Biological materials;Production;Manufacturing;Testing;Tendons;Robotic Hands;Tendon Transmission;Friction Modeling;Nonlinear Systems},
  doi = {10.1109/ROBOT.2010.5509899}
}

@article{tsakonas2024parameter,
  author = {Tsakonas, P. and Neil, E. and Hardwicke, J. and Chappell, M.J.},
  title = {Parameter estimation of a model describing the human fingers},
  journal = {Healthcare Technology Letters},
  volume = {11},
  pages = {1-15},
  year = {2024},
  doi = {10.1049/htl2.12070}
}

@inproceedings{ueda2024development,
  author = {Ueda, Kei and Katsura, Seiichiro},
  booktitle = {2024 IEEE 18th International Conference on Advanced Motion Control (AMC)},
  year = {2024},
  month = {02},
  pages = {1-6},
  title = {Development of 4-DOF Tendon-driven Robot Finger},
  doi = {10.1109/AMC58169.2024.10505635}
}

@article{CheckValidAngles_BEST_chen2013constraint,
  author = {Chen Chen, Fai and Appendino, Silvia and Battezzato, Alessandro and Favetto, Alain and Mousavi, Mehdi and Pescarmona, Francesco},
  title = {Constraint Study for a Hand Exoskeleton: Human Hand Kinematics and Dynamics},
  journal = {Journal of Robotics},
  year = {2013},
  pages = {910961, 17 pages},
  doi = {10.1155/2013/910961},
  url = {https://doi.org/10.1155/2013/910961}
}

@article{nunez2015design,
  author = {Nu√±ez, Alejandra},
  year = {2015},
  title = {Design of a 4-Dof Robot Manipulator with Optimized Algorithm for Inverse Kinematics},
  journal = {World Academy of Science, Engineering and Technology International Journal of Mechanical, Aerospace, Industrial, Mechatronic and Manufacturing Engineering}
}

@article{BEST_li2022kinematic,
  author = {Li, Yu and Wang, Liang},
  title = {Kinematic Model and Redundant Space Analysis of 4-DOF Redundant Robot},
  journal = {Mathematics},
  volume = {10},
  year = {2022},
  number = {4},
  article-number = {574},
  url = {https://www.mdpi.com/2227-7390/10/4/574},
  issn = {2227-7390},
  doi = {10.3390/math10040574}
}
